%cycle-gan
@misc{zhu2020unpaired,
      title={Unpaired Image-to-Image Translation using Cycle-Consistent Adversarial Networks},
      author={Jun-Yan Zhu and Taesung Park and Phillip Isola and Alexei A. Efros},
      year={2020},
      eprint={1703.10593},
      archivePrefix={arXiv},
      primaryClass={cs.CV}
}

%unet
@misc{alhashim2019high,
      title={High Quality Monocular Depth Estimation via Transfer Learning},
      author={Ibraheem Alhashim and Peter Wonka},
      year={2019},
      eprint={1812.11941},
      archivePrefix={arXiv},
      primaryClass={cs.CV}
}

% review1
@misc{ruder2017overview,
      title={An Overview of Multi-Task Learning in Deep Neural Networks},
      author={Sebastian Ruder},
      year={2017},
      eprint={1706.05098},
      archivePrefix={arXiv},
      primaryClass={cs.LG}
}

% review2
@ARTICLE{zhang,
  author={Zhang, Yu and Yang, Qiang},
  journal={IEEE Transactions on Knowledge and Data Engineering},
  title={A Survey on Multi-Task Learning},
  year={2021},
  volume={},
  number={},
  pages={1-1},
  doi={10.1109/TKDE.2021.3070203}}

% joint loss
@misc{kendall2018multitask,
      title={Multi-Task Learning Using Uncertainty to Weigh Losses for Scene Geometry and Semantics},
      author={Alex Kendall and Yarin Gal and Roberto Cipolla},
      year={2018},
      eprint={1705.07115},
      archivePrefix={arXiv},
      primaryClass={cs.CV}
}
